% So sieht der Biblatex Eintag für eine Abschlussarbeit aus:
@thesis{ma-sebastian,
author = {Müller, Sebastian},
title = {Clear Sight in Cherenkov-Astronomy},
subtitle = {Investigations of Reflector Geometry and Mirror Alignment for the FACT-Telescope},
year = {2014},
type = {Masterarbeit},
school = {TU Dortmund}
}

% ein Lehrbuch:
@book{kuypers,
    author = {Kuypers, Friedhelm},
    title = {Klassische Mechanik},
    year = {2010},
    publisher = {Wiley-VCH},
    series = {9. Auflage}
}

@BOOK{handbook_adhesives,
  editor =       {Satas, D.},
  TITLE =        {Handbook of pressure sensitive adhesive technology},
  PUBLISHER =    {Van Nostrand Reinhold},
  YEAR =         {1989},
  address =      {New York},
  edition =      {2nd},
}


% Ein in einem Journal veröffentlichter Artikel (Paper):
@article{pdg,
      author         = "Beringer, J. and others",
      title          = "{Review of Particle Physics (RPP)}",
      collaboration  = "Particle Data Group",
      journal        = "Phys.Rev.",
      volume         = "D86",
      pages          = "010001",
      doi            = "10.1103/PhysRevD.86.010001",
      year           = "2012",
      SLACcitation   = "%%CITATION = PHRVA,D86,010001;%%",
}

@ARTICLE{einstein,
  author = {Einstein, A.},
  title = {A Generalization of the relativistic theory of Gravitation},
  journal = {Annals of Mathematics},
  year = {1945},
  volume = {46},
  pages = {578-584},
  number = {4}
  }

% eine Internet Quelle
@MANUAL{siunitx,
    title   = {siunitx - A comprehensive (SI) units package},
    url = {http://mirror.selfnet.de/tex-archive/macros/latex/contrib/siunitx/siunitx.pdf},
    date = {2013},
    author = {Wright, Joseph}
}
@MANUAL{koma,
    title   = {KOMA -Script},
    subtitle = {ein wandelbares LaTeX-Paket},
    url = {http://mirror.selfnet.de/tex-archive/macros/latex/contrib/koma-script/doc/scrguide.pdf},
    date = {2013},
    author = {Kohm, Markus and Morawski, Jens-Uwe}
}
@MANUAL{biblatex,
    title   = {The Biblatex Package},
    subtitle = {Programmable Bibliographies and Citations},
    url = {ftp://ftp.fu-berlin.de/tex/CTAN/macros/latex/contrib/biblatex/doc/biblatex.pdf},
    date = {2014},
    author = {Lehman, Philipp and others}
}
@ELECTRONIC{make,
    title   = {Gnu-Make Homepage},
    url = {http://www.gnu.org/software/make/},
    date = {2014},
}
@ELECTRONIC{toolbox,
    title   = {Pep et al.\ Toolbox -- \LaTeX-Folien},
    url = {http://toolbox.pep-dortmund.org/files/archive/2014/latex.pdf},
    date = {2014},
}
@ELECTRONIC{gitbash,
    title   = {Git Bash - Download},
    url = {http://msysgit.github.io/},
    date = {2014},
}
@ELECTRONIC{pleser,
    title   = {Modern Packages for LaTeX},
    url = {http://philippleser.de/physics/latex},
    date = {2014},
    author = {Leser, Philipp}
}
@MANUAL{l2tabu,
    title   = {Das LATEX2ε-Sündenregister},
    author = {Ensenbach, Marc and Trettin, Mark},
    url = {ftp://ftp.mpi-sb.mpg.de/pub/tex/mirror/ftp.dante.de/pub/tex/info/l2tabu/german/l2tabu.pdf},
    date = {2011},
}
@ELECTRONIC{texmaker,
    title   = {Texmaker},
    subtitle =  {The universal LaTeX editor, Downloads},
    url = {http://www.xm1math.net/texmaker/download.html},
    date = {2014},
}

@ELECTRONIC{overview-detec,
	title = {Astroparticle Physik},
    url = {https://astro.desy.de/},
    date = {2017},
}

@ELECTRONIC{factpic,
	title = {FACT Cherenkov Telescope in a Milky Way Backlight},
    author = {Miguel Carlo},
    url = {http://www.miguelclaro.com/wp/wp-content/uploads/2013/10/FACTMilkyWayVertical-4650-net.jpg},
    date = {2017},
}

@ELECTRONIC{design-detec,
	title = {Design and operation of FACT – the first G-APD Cherenkov telescope},
    url = {http://iopscience.iop.org/1748-0221/8/06/P06008},
    date = {2017},
}

@ARTICLE{liandma,
      author         = "Li, T.-P. and Ma, Y.-Q,",
      title          = "{Analysis methods for results in gamma-ray astronomy}",
      journal        = "Astrophysical Journal",
      year           = "1983",
      volume         = "272",
      pages          = "317-324",
}

@ARTICLE{hillas,
      author         = "Hillas, A. M.",
      title          = "{Cherenkov light images of EAS produced by primary gamma}",
      journal        = "NASA. Goddard Space Flight Center 19th Intern. Cosmic Ray Conf.",
      year           = "1985",
      volume         = "3",
      pages          = "445-448",
}
@book{gaisser,
    author = {Gaisser, Thomas K.},
    title = {Cosmic Rays and Particle Physics},
    year = {1990},
    publisher = {CAMBRIDGE UNIVERSITY PRESS},
    series = {1. Auflage}
}
@article{campic,
		Author = {H. Anderhub and M. Backes and A. Biland et al.},
		Title = {Design and Operation of FACT -- The First G-APD Cherenkov Telescope},
		Year = {2013},
		Eprint = {arXiv:1304.1710},
		Howpublished = {2013 JINST 8 P06008},
		Doi = {10.1088/1748-0221/8/06/P06008},
}
@article{xgboost,
		Author = {Friedman, Jerome H.},
		Title = {Greedy Function Approximation: A Gradient Boosting Machine},
		Year = {2001},
		url = {http://www.jstor.org/stable/2699986},
		Howpublished = {Institute of Mathematical Statistics},
}
@ELECTRONIC{corsika,
    title   = {CORSIKA – an Air Shower Simulation Program},
	Author = {Fabian Schmidt},
	publisher = {University of Leeds},
    url = {http://www.ikp.kit.edu/corsika/},
    date = {2017},
}
@book{model,
    author = {Murphy, Kevin P.},
    title = {Machine Learning},
	subtitle = {A Probabilistic Perspective},
    year = {2012},
    publisher = {Massachusetts Institute of Technology},
}
@article{Bockermann,
		Author = {Bockermann, Christian and Blom, Hendrik},
		Title = {The streams Framework},
		Year = {2012},
		url = {http://www-ai.cs.uni-dortmund.de/PublicPublicationFiles/bockermann_blom_2012c.pdf},
		Howpublished = {Lehrstuhl für künstliche Intelligenz Technische Universität Dortmund} ,
}
@article{fermi,
		author = {E. McEnery, Julie and F. Michelson, Peter and Paciesas, William and Ritz, Steven},
		year = {2012},
		month = {01},
		pages = {1012-},
		title = {Fermi Gamma-Ray Space Telescope},
		volume = {51},
		booktitle = {Optical Engineering}
}
@article{icecube,
		Author = { The IceCube Collaboration},
		Title = {First Year Performance of The IceCube Neutrino Telescope},
		Year = {2006},
		Eprint = {arXiv:astro-ph/0604450},
		Howpublished = {Astropart.Phys.26:155-173,2006},
		Doi = {10.1016/j.astropartphys.2006.06.007},
}
@Inbook{magic,
		author="Voigt, Tobias
				and Fried, Roland
				and Backes, Michael
				and Rhode, Wolfgang",
		title="Gamma-Hadron-Separation in the MAGIC Experiment",
		bookTitle="Data Analysis, Machine Learning and Knowledge Discovery",
		year="2014",
		publisher="Springer International Publishing",
		pages="115--124",
		isbn="978-3-319-01595-8",
		doi="10.1007/978-3-319-01595-8_13",
		url="https://doi.org/10.1007/978-3-319-01595-8_13"
}

